<?xml version="1.0" encoding="UTF-8"?><collection xmlns="http://www.loc.gov/MARC21/slim"><record><leader>00291nam--2200109-i-4500</leader><controlfield tag="001">000045309</controlfield><controlfield tag="002">20161230</controlfield><controlfield tag="005">20161230201045</controlfield><controlfield tag="008">060222s1000------------r-----000-0-eng-d</controlfield><datafield ind1=" " ind2=" " tag="245"><subfield code="a">The technological use of radiation</subfield></datafield><datafield ind1=" " ind2=" " tag="260"><subfield code="a">Sidney,The Australian Atomic Energy Com.,1960. 142 P</subfield></datafield><datafield ind1=" " ind2=" " tag="852"><subfield code="a">18607</subfield></datafield></record></collection>